@article{Karafyllidis199787,
title = "A model for predicting forest fire spreading using cellular automata ",
journal = "Ecological Modelling ",
volume = "99",
number = "1",
pages = "87 - 97",
year = "1997",
note = "",
issn = "0304-3800",
doi = "http://dx.doi.org/10.1016/S0304-3800(96)01942-4",
url = "http://www.sciencedirect.com/science/article/pii/S0304380096019424",
author = "Ioannis Karafyllidis and Adonios Thanailakis",
keywords = "Cellular automata",
keywords = "Environmental systems",
keywords = "Forest fire",
keywords = "Modelling",
keywords = "Simulation "
}

@article{HernandezEncinas20071213,
title = "Modelling forest fire spread using hexagonal cellular automata ",
journal = "Applied Mathematical Modelling ",
volume = "31",
number = "6",
pages = "1213 - 1227",
year = "2007",
note = "",
issn = "0307-904X",
doi = "http://dx.doi.org/10.1016/j.apm.2006.04.001",
url = "http://www.sciencedirect.com/science/article/pii/S0307904X06000916",
author = "L. Hernandez Encinas and S. Hoya White and A. Martin del Rey and G. Rodriguez Sanchez",
keywords = "Cellular automata",
keywords = "Fire simulation",
keywords = "Forest fire spreading",
keywords = "Mathematical modelling "
}

@article{HernandezEncinas2007372,
title = "Simulation of forest fire fronts using cellular automata ",
journal = "Advances in Engineering Software ",
volume = "38",
number = "6",
pages = "372 - 378",
year = "2007",
issn = "0965-9978",
doi = "http://dx.doi.org/10.1016/j.advengsoft.2006.09.002",
url = "http://www.sciencedirect.com/science/article/pii/S0965997806001293",
author = "A. Hernandez Encinas and L. Hernandez Encinas and S. Hoya White and A. Martin del Rey and G. Rodriguez Sanchez",
keywords = "Cellular automata",
keywords = "Fire simulation",
keywords = "Forest fires",
keywords = "Mathematical modeling "
}

@techreport{oldcode,
title="Cellular automata - Forest fire \& predator prey models",
author="Tom peerdeman",
institution="University of Amsterdam",
year=2012,
note="Course Inleiding Modelleren en Simuleren", 
month="October"
}

@misc{allresults,
title="All results of the experiments",
howpublished={\url{https://github.com/TomPeerdeman/ProjectCompScience/tree/master/Report/imgs/plot}},
key="ZZZ"
}

